<record><leader>00000cas a22000007a 4500</leader><controlfield tag="001">33987079</controlfield><controlfield tag="008">960104d1uuu1912sduwr ne      0    0eng d</controlfield><datafield ind1=" " ind2=" " tag="010"><subfield code="a">sn 95076625 </subfield></datafield><datafield ind1=" " ind2=" " tag="040"><subfield code="a">SXN</subfield><subfield code="b">eng</subfield><subfield code="c">SXN</subfield><subfield code="d">OCLCQ</subfield><subfield code="d">OCLCF</subfield><subfield code="d">OCLCO</subfield></datafield><datafield ind1="1" ind2=" " tag="029"><subfield code="a">AU@</subfield><subfield code="b">000025863350</subfield></datafield><datafield ind1=" " ind2=" " tag="042"><subfield code="a">msc</subfield></datafield><datafield ind1=" " ind2=" " tag="043"><subfield code="a">n-us-sd</subfield></datafield><datafield ind1="0" ind2=" " tag="130"><subfield code="a">Philip weekly review (Philip, S.D. : 1907)</subfield></datafield><datafield ind1="1" ind2="0" tag="245"><subfield code="a">Philip weekly review.</subfield></datafield><datafield ind1="1" ind2=" " tag="246"><subfield code="i">Issues for Dec. 13, 1907-July 31, 1908 have title:</subfield><subfield code="a">Philip weekly review and Grindstone bee</subfield></datafield><datafield ind1=" " ind2=" " tag="260"><subfield code="a">Philip, Stanley County, S.D. :</subfield><subfield code="b">J.D. Rainey</subfield></datafield><datafield ind1=" " ind2=" " tag="300"><subfield code="a">v.</subfield></datafield><datafield ind1=" " ind2=" " tag="310"><subfield code="a">Weekly</subfield></datafield><datafield ind1="0" ind2=" " tag="362"><subfield code="a">-v. 7, no. 9 (July 18, 1912).</subfield></datafield><datafield ind1=" " ind2=" " tag="515"><subfield code="a">Issues for Aug. 3, 1909-July 18, 1912 called also whole no. 116-271.</subfield></datafield><datafield ind1=" " ind2=" " tag="530"><subfield code="a">Available on microfilm from: State Archives, South Dakota State Historical Society.</subfield></datafield><datafield ind1=" " ind2=" " tag="580"><subfield code="a">Merged with: Bad River news, to form: Philip weekly review and Bad River news.</subfield></datafield><datafield ind1=" " ind2=" " tag="588"><subfield code="a">Description based on: Vol. 1, no. 4 (June 14, 1907).</subfield></datafield><datafield ind1=" " ind2="0" tag="651"><subfield code="a">Philip (S.D.)</subfield><subfield code="v">Newspapers.</subfield></datafield><datafield ind1=" " ind2="0" tag="651"><subfield code="a">Haakon County (S.D.)</subfield><subfield code="v">Newspapers.</subfield></datafield><datafield ind1=" " ind2="7" tag="655"><subfield code="a">Newspapers.</subfield><subfield code="2">fast</subfield><subfield code="0">(OCoLC)fst01423814</subfield></datafield><datafield ind1=" " ind2="7" tag="651"><subfield code="a">South Dakota</subfield><subfield code="z">Haakon County.</subfield><subfield code="2">fast</subfield><subfield code="0">(OCoLC)fst01215570</subfield></datafield><datafield ind1=" " ind2="7" tag="651"><subfield code="a">South Dakota</subfield><subfield code="z">Philip.</subfield><subfield code="2">fast</subfield><subfield code="0">(OCoLC)fst01304779</subfield></datafield><datafield ind1=" " ind2=" " tag="752"><subfield code="a">United States</subfield><subfield code="b">South Dakota</subfield><subfield code="c">Haakon</subfield><subfield code="d">Philip.</subfield></datafield><datafield ind1="0" ind2="5" tag="780"><subfield code="t">Grindstone bee</subfield><subfield code="w">(DLC)sn 95076624</subfield></datafield><datafield ind1="1" ind2="7" tag="785"><subfield code="t">Bad River news</subfield><subfield code="w">(DLC)sn 95076628</subfield></datafield><datafield ind1="1" ind2="7" tag="785"><subfield code="t">Philip weekly review and Bad River news</subfield><subfield code="w">(DLC)sn 95076626</subfield></datafield></record>